% This file was created with Citavi 6.8.0.0

@booklet{.14.06.2021,
 year = {14.06.2021},
 title = {TOL -glasklar | Oldoplast},
 url = {https://www.oldoplast.com/de/tol.html},
 urldate = {2021-06-14}
}


@booklet{.14.06.2021b,
 year = {14.06.2021},
 title = {akrobit Downloads},
 url = {https://www.akrobit.de/Downloads/tabid/56/language/de-DE/Default.aspx},
 urldate = {2021-06-14}
}


@booklet{.14.06.2021c,
 year = {14.06.2021},
 title = {Software | JULABO GmbH},
 url = {https://www.julabo.com/de/service/downloads/software},
 urldate = {2021-06-14}
}


@book{Hunig.2006,
 author = {H{\"u}nig, Siegfried},
 year = {2006},
 title = {Arbeitsmethoden in der organischen Chemie: (mit Einf{\"u}hrungspraktikum)},
 url = {http://www.ioc-praktikum.de/methoden/skript/Arbeitsmethoden.pdf},
 price = {EUR 19.95},
 address = {Berlin},
 publisher = {{Lehmanns Media LOB.de}},
 isbn = {3-86541-148-7},
 file = {http://d-nb.info/979872855/04},
 file = {http://www.ioc-praktikum.de/},
 file = {213fee81-9f35-4369-871c-f3a50e369bc3:C\:\\Users\\Studium\\AppData\\Local\\Swiss Academic Software\\Citavi 6\\ProjectCache\\upksdlp4wvxg8fmd7w8da2louomy6ri9q13ry995rggxwzlu3a\\Remote Attachments\\213fee81-9f35-4369-871c-f3a50e369bc3.pdf:pdf}
}


@booklet{OnlinePortalfurprofessionellPflegende.06.03.2017,
 abstract = {Der Umgang mit Infusionen geh{\"o}rt zum pflegerischen Alltag. Das Verabreichen erfordert jedoch gezieltes Fachwissen und sicheres Handling. Dieser Artikel},
 author = {{Online-Portal f{\"u}r professionell Pflegende}},
 year = {06.03.2017},
 title = {Infusionen sicher verabreichen},
 url = {https://www.bibliomed-pflege.de/sp/artikel/30331-infusionen-sicher-verabreichen},
 urldate = {2021-06-15}
}


@booklet{pfm_medical,
 author = {{pfm medical ag}},
 year = {15.06.2021},
 title = {Infusionssysteme},
 url = {https://www.pfmmedical.de/wissen/infusionssysteme/index.html},
 urldate = {2021-06-15}
}


